@article{lamport1978time,
  title={Time, clocks, and the ordering of events in a distributed system},
  author={Lamport, Leslie},
  journal={Communications of the ACM},
  volume={21},
  number={7},
  pages={558--565},
  year={1978},
  publisher={ACM}
}

@article{mauve2004local,
  title={Local-lag and timewarp: providing consistency for replicated continuous applications},
  author={Mauve, Martin and Vogel, J{\"u}rgen and Hilt, Volker and Effelsberg, Wolfgang},
  journal={IEEE transactions on Multimedia},
  volume={6},
  number={1},
  pages={47--57},
  year={2004},
  publisher={IEEE}
}

@techreport{jefferson1982fast,
  title={Fast Concurrent Simulation Using the Time Warp Mechanism. Part I. Local Control.},
  author={Jefferson, David and Sowizral, Henry},
  year={1982},
  institution={DTIC Document}
}

# --------

@article{hu2008security,
  title={Security issues in massive online games},
  author={Hu, Jiankun and Zambetta, Fabio},
  journal={Security and Communication Networks},
  volume={1},
  number={1},
  pages={83--92},
  year={2008},
  publisher={Wiley Online Library}
}

@article{palant2006consistency,
  title={Consistency requirements in multiplayer online games},
  author={Palant, Wladimir and Griwodz, Carsten and Halvorsen, P{\aa}l},
  booktitle={Proceedings of 5th ACM SIGCOMM workshop on Network and system support for games},
  pages={51},
  year={2006},
  organization={ACM}
}

@article{liu2012survey,
  title={Survey of state melding in virtual worlds},
  author={Liu, Huaiyu and Bowman, Mic and Chang, Francis},
  journal={ACM Computing Surveys (CSUR)},
  volume={44},
  number={4},
  pages={21},
  year={2012},
  publisher={ACM}
}

@inproceedings{bouillot2005fast,
  title={Fast event ordering and perceptive consistency in time sensitive distributed multiplayer games},
  author={Bouillot, Nicolas},
  booktitle={CGAMESâ€™2005 7th International Conference on Computer Games, pages},
  pages={146--152},
  year={2005}
}

@incollection{tolic2009testbed,
  title={A testbed for P2P gaming using time warp},
  author={Tolic, Stefan and Hlavacs, Helmut},
  booktitle={Transactions on Edutainment II},
  pages={33--47},
  year={2009},
  publisher={Springer}
}

@article{jafer2013synchronization,
  title={Synchronization methods in parallel and distributed discrete-event simulation},
  author={Jafer, Shafagh and Liu, Qi and Wainer, Gabriel},
  journal={Simulation Modelling Practice and Theory},
  volume={30},
  pages={54--73},
  year={2013},
  publisher={Elsevier}
}

@inproceedings{palazzi2004maintaining,
  title={On maintaining interactivity in event delivery synchronization for mirrored game architectures},
  author={Palazzi, Claudio E and Ferretti, Stefano and Cacciaguerra, Stefano and Roccetti, Marco},
  booktitle={Global Telecommunications Conference Workshops, 2004. GlobeCom Workshops 2004. IEEE},
  pages={157--165},
  year={2004},
  organization={IEEE}
}

@article{cronin2004efficient,
  title={An efficient synchronization mechanism for mirrored game architectures},
  author={Cronin, Eric and Kurc, Anthony R and Filstrup, Burton and Jamin, Sugih},
  journal={Multimedia Tools and Applications},
  volume={23},
  number={1},
  pages={7--30},
  year={2004},
  publisher={Springer}
}

@article{cajada2012vfc,
  title={VFC-RTS: Vector-Field Consistency para Real-Time-Strategy Multiplayer Games},
  author={Cajada, Manuel and Ferreira, Paulo and Veiga, Lu{\i}s},
  journal={Master of Science Disertation},
  year={2012}
}

@inproceedings{li2004supporting,
  title={Supporting continuous consistency in multiplayer online games},
  author={Li, Frederick WB and Li, Lewis WF and Lau, Rynson WH},
  booktitle={Proceedings of the 12th annual ACM international conference on Multimedia},
  pages={388--391},
  year={2004},
  organization={ACM}
}

# --- META ----

@article{lamport1979make,
  title={How to make a multiprocessor computer that correctly executes multiprocess program},
  author={Lamport, Leslie},
  journal={IEEE transactions on computers},
  number={9},
  pages={690--691},
  year={1979},
  publisher={IEEE}
}

@book{bernstein1987rrency,
  title={Concurrency control and recovery in database systems},
  author={Bernstein, Philip A and Hadzilacos, Vassos and Goodman, Nathan},
  year={1987},
  publisher={Addison- Wesley}
}

@article{qin2002delayed,
  title={Delayed consistency model for distributed interactive systems with real-time continuous media},
  author={Qin, Xiao},
  journal={Journal of Software},
  volume={13},
  number={6},
  pages={1029--1039},
  year={2002}
}

@inproceedings{torres1999timed,
  title={Timed consistency for shared distributed objects},
  author={Torres-Rojas, Francisco J and Ahamad, Mustaque and Raynal, Michel},
  booktitle={Proceedings of the eighteenth annual ACM symposium on Principles of distributed computing},
  pages={163--172},
  year={1999},
  organization={ACM}
}
